@article{thrun2002robotic,
  title={Robotic mapping: A survey},
  author={Thrun, Sebastian and others},
  journal={Exploring artificial intelligence in the new millennium},
  volume={1},
  number={1-35},
  pages={1},
  year={2002}
}

@article{tavaresgaspar,
  title={Collaborative Exploration of Unknown Environments with Teams of Agents},
  author={Tavares, Gaspar}
}

@inproceedings{macedo2011uncertainty,
  title={Uncertainty and novelty-based selective attention in the collaborative exploration of unknown environments},
  author={Macedo, Luis and Tavares, Miguel and Gaspar, Pedro and Cardoso, Am{\'\i}lcar},
  booktitle={Portuguese Conference on Artificial Intelligence},
  pages={521--535},
  year={2011},
  organization={Springer}
}

@inproceedings{macedo2004exploration,
  title={Exploration of unknown environments with motivational agents},
  author={Macedo, Luis and Cardoso, Amilcar},
  booktitle={Proceedings of the Third International Joint Conference on Autonomous Agents and Multiagent Systems-Volume 1},
  pages={328--335},
  year={2004},
  organization={IEEE Computer Society}
}

@inproceedings{sheng2005peer,
  title={Peer-to-peer multi-robot coordination algorithms: petri net based analysis and design},
  author={Sheng, Weihua and Yang, Qingyan},
  booktitle={Advanced Intelligent Mechatronics. Proceedings, 2005 IEEE/ASME International Conference on},
  pages={1407--1412},
  year={2005},
  organization={IEEE}
}


@inproceedings{simmons2000coordination,
  title={Coordination for multi-robot exploration and mapping},
  author={Simmons, Reid and Apfelbaum, David and Burgard, Wolfram and Fox, Dieter and Moors, Mark and Thrun, Sebastian and Younes, H{\aa}kan},
  booktitle={Aaai/Iaai},
  pages={852--858},
  year={2000}
}

@inproceedings{deloach2005engineering,
  title={Engineering organization-based multiagent systems},
  author={DeLoach, Scott A},
  booktitle={International Workshop on Software Engineering for Large-Scale Multi-agent Systems},
  pages={109--125},
  year={2005},
  organization={Springer}
}


@misc{intellij,
title={IntelliJ IDEA: The Java IDE for Professional Developers by JetBrains}, 
url={https://www.jetbrains.com/idea/}}